% Encoding: UTF-8

@Article{bigdata1,
  author  = {Anthony G. Piccianio},
  journal = {Journal of Asynchronous Learning Networks},
  title   = {The evolution of Big Data and learning analytics in American higher education.},
  year    = {2012},
  number  = {3},
  pages   = {9-20},
  volume  = {16},
}

@Book{bigdata2,
  author    = {Ben Williamson},
  editor    = {James Clark},
  publisher = {SAGE Publications Inc.},
  title     = {Big Data in education},
  year      = {2017},
  isbn      = {978-1-47394-799-3},
}

@Comment{jabref-meta: databaseType:bibtex;}
